@unpublished{Fis:2015,
	author = {Lydia Fischer, Barbara Hammer, Heiko Wersing},
	title = {Optimum Reject Options for Prototype-based Classification}},
	date = {2015},
	eprinttype = "arxiv",   
    eprint        = "1503.06549"
}


